@Book{Quantum,
title = { Quantum Mechanics },
author = {David H McIntyre },
publisher = { Pearson },
year = { 2012 },
type = { Book; Book/Illustrated },
isbn = { 9780321765796 (hbk.) },
subjects = { Quantum theory; Mechanics },
language = { English },
contents = { Stern-Gerlach experiments -- Operators and measurement -- Schrodinger time evolution -- Quantum spookiness -- Quantized energies: particle in a box -- Unbound states -- Angular momentum -- Hydrogen atom -- Harmonic oscillator -- Perturbation theory -- Hyperfine structure and the addition of angular momentum -- Perturbation of hydrogen -- Identical particles -- Time dependent perturbation theory -- Periodic systems -- Modern applications },
catalogue-url = { https://trove.nla.gov.au/work/157946761 }
}

@book{Boyce,
	title={Elementary Differential Equations and Boundary Value Problems, 10th Edition},
	publisher = {Laurie Rosatone},
	author={Boyce, W.E. and DiPrima, R.C.},
	isbn={9781118475737},
	year={2012}
}
