@manual{labManual,
	author = {Ward Beyermann},
	ALTeditor = {editor},
	title = {Noise Fundamentals Laboratory Manual},
}