@Book{Quantum,
title = { Quantum Mechanics },
author = {David H McIntyre },
publisher = { Pearson },
year = { 2012 },
type = { Book; Book/Illustrated },
isbn = { 9780321765796 (hbk.) },
subjects = { Quantum theory; Mechanics },
language = { English },
contents = { Stern-Gerlach experiments -- Operators and measurement -- Schrodinger time evolution -- Quantum spookiness -- Quantized energies: particle in a box -- Unbound states -- Angular momentum -- Hydrogen atom -- Harmonic oscillator -- Perturbation theory -- Hyperfine structure and the addition of angular momentum -- Perturbation of hydrogen -- Identical particles -- Time dependent perturbation theory -- Periodic systems -- Modern applications },
catalogue-url = { https://trove.nla.gov.au/work/157946761 }
}

@manual{labManual,
	author = {Ward Beyermann},
	ALTeditor = {editor},
	title = {Diode Laser Spectroscopy Laboratory Manual},
}

@manual{Rb85,
	author = {Daniel A. Steck},
	title = {Rubidium 85 D Line Data},
	OPTurl = {httpa://steck.us/alkalidata},
}


@manual{Rb87,
	author = {Daniel A. Steck},
	title = {Rubidium 87 D Line Data},
	OPTurl = {httpa://steck.us/alkalidata},
}

@article{article,
	author = {Lewandowski, Heather and Harber, David and Whitaker, Dwight and A. Cornell, E},
	year = {2003},
	month = {09},
	pages = {309-367},
	title = {Simplified System for Creating a Boseâ€“Einstein Condensate},
	volume = {132},
	booktitle = {Journal of Low Temperature Physics}
}

